<?xml version="1.0" encoding="UTF-8"?>
<OAI-PMH xmlns="http://www.openarchives.org/OAI/2.0/" xmlns:xsi="http://www.w3.org/2001/XMLSchema-instance" xsi:schemaLocation="http://www.openarchives.org/OAI/2.0/ http://www.openarchives.org/OAI/2.0/OAI-PMH.xsd">
<ListRecords>
<record>
<header status="updated">
<identifier>urm_publish:71279925610002121</identifier>
</header>
<metadata>
<record xmlns="http://www.loc.gov/MARC21/slim" xmlns:xsi="http://www.w3.org/2001/XMLSchema-instance" xsi:schemaLocation="http://www.loc.gov/MARC21/slim http://www.loc.gov/standards/marcxml/schema/MARC21slim.xsd" ><leader>01616mam a2200421 a 4500</leader><controlfield tag="005">20070228131206.0</controlfield><controlfield tag="008">841009m19851991enkh     b    001 0 lat  </controlfield><controlfield tag="001">999556020002121</controlfield><datafield tag="010" ind1=" " ind2=" "><subfield code="a">   84024170 //r896</subfield><subfield code="z">   91007958 </subfield></datafield><datafield tag="020" ind1=" " ind2=" "><subfield code="a">0859912116 (v. 1)</subfield></datafield><datafield tag="035" ind1=" " ind2=" "><subfield code="a">(OCoLC)11316483</subfield></datafield><datafield tag="035" ind1=" " ind2=" "><subfield code="9">AFG0360UW</subfield></datafield><datafield tag="035" ind1=" " ind2=" "><subfield code="a">(WU)908931-uwmadisondb</subfield></datafield><datafield tag="040" ind1=" " ind2=" "><subfield code="a">DLC</subfield><subfield code="b">eng</subfield><subfield code="c">DLC</subfield></datafield><datafield tag="041" ind1="0" ind2=" "><subfield code="a">lat</subfield><subfield code="a">eng</subfield></datafield><datafield tag="043" ind1=" " ind2=" "><subfield code="a">e-uk---</subfield></datafield><datafield tag="049" ind1=" " ind2=" "><subfield code="a">GZMA</subfield></datafield><datafield tag="050" ind1="0" ind2="0"><subfield code="a">DA140</subfield><subfield code="b">.G353 1985</subfield></datafield><datafield tag="082" ind1="0" ind2="0"><subfield code="a">941.01</subfield><subfield code="2">19</subfield></datafield><datafield tag="100" ind1="0" ind2=" "><subfield code="a">Geoffrey,</subfield><subfield code="c">of Monmouth, Bishop of St. Asaph,</subfield><subfield code="d">1100?-1154.</subfield><subfield code="2">LCNAMES</subfield><subfield code="0">41-LIBRARY_OF_CONGRESS-n  50072242</subfield><subfield code="9">Y</subfield></datafield><datafield tag="240" ind1="1" ind2="0"><subfield code="a">Historia regum Britanniae</subfield></datafield><datafield tag="245" ind1="1" ind2="4"><subfield code="a">The Historia regum Britannie of Geoffrey of Monmouth /</subfield><subfield code="c">edited by Neil Wright.</subfield></datafield><datafield tag="260" ind1=" " ind2=" "><subfield code="a">Cambridge [Cambridgeshire] ;</subfield><subfield code="a">Dover, N.H., USA :</subfield><subfield code="b">D.S. Brewer,</subfield><subfield code="c">1985- ,c1984-1991</subfield></datafield><datafield tag="300" ind1=" " ind2=" "><subfield code="a">5 volumes :</subfield><subfield code="b">facsimiles ;</subfield><subfield code="c">24 cm</subfield></datafield><datafield tag="336" ind1=" " ind2=" "><subfield code="a">text</subfield><subfield code="b">txt</subfield><subfield code="2">rdacontent</subfield></datafield><datafield tag="337" ind1=" " ind2=" "><subfield code="a">unmediated</subfield><subfield code="b">n</subfield><subfield code="2">rdamedia</subfield></datafield><datafield tag="338" ind1=" " ind2=" "><subfield code="a">volume</subfield><subfield code="b">nc</subfield><subfield code="2">rdacarrier</subfield></datafield><datafield tag="500" ind1=" " ind2=" "><subfield code="a">Text in Latin; editorial matter in English.</subfield></datafield><datafield tag="504" ind1=" " ind2=" "><subfield code="a">Bibliography: volumes 1, page lx-lxv.</subfield></datafield><datafield tag="500" ind1=" " ind2=" "><subfield code="a">Includes indexes.</subfield></datafield><datafield tag="505" ind1="1" ind2=" "><subfield code="a">1. Bern, Burgerbibliothek, MS. 568 -- 2. The first variant version: a critical edition -- 3. A summary catalogue of the manuscripts -- 4. Dissemination and reception in the later Middle Ages -- 5. Gesta Regum Britannie.</subfield></datafield><datafield tag="650" ind1=" " ind2="0"><subfield code="a">Arthurian romances</subfield><subfield code="v">Sources.</subfield><subfield code="2">LCSH</subfield><subfield code="0">41-LIBRARY_OF_CONGRESS-sh2007101475</subfield><subfield code="9">Y</subfield></datafield><datafield tag="650" ind1=" " ind2="0"><subfield code="a">Legends</subfield><subfield code="z">Great Britain.</subfield><subfield code="2">LCSH</subfield><subfield code="0">41-LIBRARY_OF_CONGRESS-sh2005003058</subfield><subfield code="9">Y</subfield></datafield><datafield tag="650" ind1=" " ind2="0"><subfield code="a">Britons</subfield><subfield code="x">History.</subfield><subfield code="2">LCSH</subfield><subfield code="0">41-LIBRARY_OF_CONGRESS-sh 85016982</subfield><subfield code="9">Y</subfield></datafield><datafield tag="651" ind1=" " ind2="0"><subfield code="a">Great Britain</subfield><subfield code="x">History</subfield><subfield code="y">To 1066.</subfield><subfield code="2">LCSH</subfield><subfield code="0">41-LIBRARY_OF_CONGRESS-sh 85056722</subfield><subfield code="9">Y</subfield></datafield><datafield tag="700" ind1="1" ind2=" "><subfield code="a">Wright, Neil.</subfield><subfield code="2">LCNAMES</subfield><subfield code="0">41-LIBRARY_OF_CONGRESS-n  84238711</subfield><subfield code="9">Y</subfield></datafield><datafield tag="710" ind1="2" ind2=" "><subfield code="a">Burgerbibliothek Bern.</subfield><subfield code="k">Manuscript.</subfield><subfield code="n">568.</subfield><subfield code="2">LCNAMES</subfield></datafield><datafield tag="997" ind1=" " ind2=" "><subfield code="a">MARCIVE</subfield></datafield><datafield tag="650" ind1=" " ind2="0"><subfield code="a">Brythons</subfield><subfield code="2">LCSH</subfield><subfield code="0">41-LIBRARY_OF_CONGRESS-sh 85016982</subfield><subfield code="9">N</subfield></datafield><datafield tag="650" ind1=" " ind2="0"><subfield code="w">g</subfield><subfield code="a">Celts</subfield><subfield code="2">LCSH</subfield><subfield code="0">41-LIBRARY_OF_CONGRESS-sh 85016982</subfield><subfield code="9">R</subfield></datafield><datafield tag="650" ind1=" " ind2="0"><subfield code="w">g</subfield><subfield code="a">Ethnology</subfield><subfield code="z">Great Britain</subfield><subfield code="2">LCSH</subfield><subfield code="0">41-LIBRARY_OF_CONGRESS-sh 85016982</subfield><subfield code="9">R</subfield></datafield><datafield tag="100" ind1="0" ind2=" "><subfield code="a">Galfredus,</subfield><subfield code="c">Monumetensis, Bishop of St. Asaph,</subfield><subfield code="d">1100?-1154</subfield><subfield code="2">LCNAMES</subfield><subfield code="0">41-LIBRARY_OF_CONGRESS-n  50072242</subfield><subfield code="9">N</subfield></datafield><datafield tag="100" ind1="0" ind2=" "><subfield code="a">Galfridus,</subfield><subfield code="c">Monemutensis, Bishop of St. Asaph,</subfield><subfield code="d">1100?-1154</subfield><subfield code="2">LCNAMES</subfield><subfield code="0">41-LIBRARY_OF_CONGRESS-n  50072242</subfield><subfield code="9">N</subfield></datafield><datafield tag="100" ind1="0" ind2=" "><subfield code="a">Gaufridus Arturus,</subfield><subfield code="c">Bishop of St. Asaph,</subfield><subfield code="d">1100?-1154</subfield><subfield code="2">LCNAMES</subfield><subfield code="0">41-LIBRARY_OF_CONGRESS-n  50072242</subfield><subfield code="9">N</subfield></datafield><datafield tag="100" ind1="0" ind2=" "><subfield code="a">Gefferey,</subfield><subfield code="c">of Monmouth, Bishop of St. Asaph,</subfield><subfield code="d">1100?-1154</subfield><subfield code="2">LCNAMES</subfield><subfield code="0">41-LIBRARY_OF_CONGRESS-n  50072242</subfield><subfield code="9">N</subfield></datafield><datafield tag="100" ind1="0" ind2=" "><subfield code="w">nnaa</subfield><subfield code="a">Geoffrey of Monmouth,</subfield><subfield code="c">Bp. of St. Asaph,</subfield><subfield code="d">1100?-1154</subfield><subfield code="2">LCNAMES</subfield><subfield code="0">41-LIBRARY_OF_CONGRESS-n  50072242</subfield><subfield code="9">N</subfield></datafield><datafield tag="100" ind1="0" ind2=" "><subfield code="a">Geoffroy,</subfield><subfield code="c">de Monmouth, Bishop of St. Asaph,</subfield><subfield code="d">1100?-1154</subfield><subfield code="2">LCNAMES</subfield><subfield code="0">41-LIBRARY_OF_CONGRESS-n  50072242</subfield><subfield code="9">N</subfield></datafield><datafield tag="100" ind1="0" ind2=" "><subfield code="a">Goffredo,</subfield><subfield code="c">di Monmouth, Bishop of St. Asaph,</subfield><subfield code="d">1100?-1154</subfield><subfield code="2">LCNAMES</subfield><subfield code="0">41-LIBRARY_OF_CONGRESS-n  50072242</subfield><subfield code="9">N</subfield></datafield><datafield tag="100" ind1="0" ind2=" "><subfield code="a">Gottfried,</subfield><subfield code="c">von Monmouth, Bishop of St. Asaph,</subfield><subfield code="d">1100?-1154</subfield><subfield code="2">LCNAMES</subfield><subfield code="0">41-LIBRARY_OF_CONGRESS-n  50072242</subfield><subfield code="9">N</subfield></datafield><datafield tag="100" ind1="0" ind2=" "><subfield code="a">Jeffery,</subfield><subfield code="c">of Monmouth, Bishop of St. Asaph,</subfield><subfield code="d">1100?-1154</subfield><subfield code="2">LCNAMES</subfield><subfield code="0">41-LIBRARY_OF_CONGRESS-n  50072242</subfield><subfield code="9">N</subfield></datafield><datafield tag="100" ind1="0" ind2=" "><subfield code="a">Jeffrey,</subfield><subfield code="c">of Monmouth, Bishop of St. Asaph,</subfield><subfield code="d">1100?-1154</subfield><subfield code="2">LCNAMES</subfield><subfield code="0">41-LIBRARY_OF_CONGRESS-n  50072242</subfield><subfield code="9">N</subfield></datafield><datafield tag="100" ind1="0" ind2=" "><subfield code="a">Monmouth, Geoffrey of,</subfield><subfield code="c">Bishop of St. Asaph,</subfield><subfield code="d">1100?-1154</subfield><subfield code="2">LCNAMES</subfield><subfield code="0">41-LIBRARY_OF_CONGRESS-n  50072242</subfield><subfield code="9">N</subfield></datafield><datafield tag="100" ind1="0" ind2=" "><subfield code="a">Galffrai,</subfield><subfield code="c">Bishop of St. Asaph,</subfield><subfield code="d">1100?-1154</subfield><subfield code="2">LCNAMES</subfield><subfield code="0">41-LIBRARY_OF_CONGRESS-n  50072242</subfield><subfield code="9">N</subfield></datafield><datafield tag="100" ind1="0" ind2=" "><subfield code="a">Gruffyd ab Arthur,</subfield><subfield code="c">Bishop of St. Asaph,</subfield><subfield code="d">1100?-1154</subfield><subfield code="2">LCNAMES</subfield><subfield code="0">41-LIBRARY_OF_CONGRESS-n  50072242</subfield><subfield code="9">N</subfield></datafield><datafield tag="INST" ind1=" " ind2=" "><subfield code="a">01UWI_NETWORK</subfield><subfield code="b">P</subfield><subfield code="c">71279925610002121</subfield></datafield><datafield tag="INST" ind1=" " ind2=" "><subfield code="a">01UWI_MAD</subfield><subfield code="b">P</subfield><subfield code="c">21502786850002122</subfield></datafield><datafield tag="INST" ind1=" " ind2=" "><subfield code="a">01UWI_ML</subfield><subfield code="b">P</subfield><subfield code="c">21198959040002124</subfield></datafield><datafield tag="AVA" ind1=" " ind2=" "><subfield code="0">999089313602122</subfield><subfield code="8">22502786840002122</subfield><subfield code="a">01UWI_MAD</subfield><subfield code="b">MEMORIAL</subfield><subfield code="c">Stacks Regular Size Shelving</subfield><subfield code="d">DA140 G353 1985</subfield><subfield code="e">check_holdings</subfield><subfield code="j">stk</subfield><subfield code="k">0</subfield><subfield code="p">1</subfield><subfield code="q">Memorial Library</subfield><subfield code="t">v.1-v.5</subfield></datafield><datafield tag="AVA" ind1=" " ind2=" "><subfield code="0">994927153402124</subfield><subfield code="8">22198959030002124</subfield><subfield code="a">01UWI_ML</subfield><subfield code="b">MIL</subfield><subfield code="c">Stacks</subfield><subfield code="d">DA140 G353 1985</subfield><subfield code="e">available</subfield><subfield code="f">3</subfield><subfield code="g">0</subfield><subfield code="j">stk</subfield><subfield code="k">0</subfield><subfield code="p">1</subfield><subfield code="q">UW Milwaukee</subfield></datafield><datafield tag="MMS" ind1=" " ind2=" "><subfield code="b">999556020002121</subfield><subfield code="a">01UWI_NETWORK</subfield></datafield><datafield tag="MMS" ind1=" " ind2=" "><subfield code="b">999089313602122</subfield><subfield code="a">01UWI_MAD</subfield></datafield><datafield tag="MMS" ind1=" " ind2=" "><subfield code="b">994927153402124</subfield><subfield code="a">01UWI_ML</subfield></datafield><datafield tag="BBB" ind1="0" ind2="1"><subfield code="x">series confirmed w/ Yankee starting w/ v.5</subfield><subfield code="x">v. 5 dup.to be returned;mxg</subfield><subfield code="x">v.6 cl from pub 11/8/94 per ybp (wob)</subfield><subfield code="x">vol. 6 nyp; nd per vnd 1/7/97 (rv)</subfield><subfield code="x">no later volumes in GOBI;1/17/03;mf</subfield><subfield code="x">Complete with v.5 per GOBI;4/3/06;ka</subfield><subfield code="8">22502786840002122</subfield><subfield code="A">01UWI_MAD</subfield></datafield></record>
</metadata>
</record>
</ListRecords>
</OAI-PMH>